@techreport{1_num_passengers_2019,
	title = "{Preliminary Estimated Full Year 2019 and December 2019 U.S. Airline Traffic Data}",
	author = "{Bureau of Transportation Statistics}",
	url = "https://www.faa.gov/data_research/aviation_data_statistics/media/cost_delay_estimates.pdf",
	month = "April",
	year = "2020",
}

@techreport{2_bell_2010,
	title = "Total delay impact study : a comprehensive assessment of the costs and impacts of flight delay in the United States",
	author = {Ball, Michael and Barnhart, Cynthia and Dresner, Martin and Hansen, Mark and Neels, Kevin and Odoni, Amedo and Peterson, Everett and Sherry, Lance and Trani, Antonio and Zou, Bo},
	url = "https://rosap.ntl.bts.gov/view/dot/6234",
	month = "October",
	year = "2010",
}

@article{3_bts_data,
	title = "Airline On-Time Statistics and Delay Causes",
	url = "https://www.transtats.bts.gov/OT_Delay/OT_DelayCause1.asp?20=E",
	author = "{Bureau of Transportation Statistics}",
}

@techreport{4_dep_transportation,
	title = "Reporting the Causes of Airline Delays and Cancellations",
	url = "https://www.regulations.gov/document/DOT-OST-2000-8164-0059",
	number = "57 Fed. Reg. 227",
	author = "{Department of Transportation}",
	month = "November",
	year = "2002",
	pages = "70535--70545",
}

@misc{5_faa_core30,
	title = "{Core 30}",
	url = "https://aspm.faa.gov/aspmhelp/index/Core_30.html",
	author = "{Federal Aviation Administration}",
}

@techreport{6_faa_cost_delay2019,
    author = "{Federal Aviation Administration}",
    title = "{Cost of Delay Estimates 2019}",
    number = "FAA APO-100",
    month = "July",
    year = "2020",
    url = {https://www.faa.gov/data_research/aviation_data_statistics/media/cost_delay_estimates.pdf},
}

@techreport{7_jec_cost_dealy,
	title = "{Flight Delays Cost Passengers, Airlines, and the U.S. Economy Billions}",
	author = "{The Joint Economic Committee Majority Staff}",
	month = "May",
	year = "2008",
	url = "https://www.jec.senate.gov/public/_cache/files/47e8d8a7-661d-4e6b-ae72-0f1831dd1207/yourflighthasbeendelayed0.pdf"
}

@article{8_rebollo_2014,
	title = "Characterization and prediction of air traffic delays",
	volume = "44",
	doi = {10.1016/j.trc.2014.04.007},
	journal = "Transportation Research Part C: Emerging Technologies",
	author = {Rebollo, Juan Jose and Balakrishnan, Hamsa},
	month = "July",
	year = "2014",
	pages = {231--241},

}

@article{9_chakrabarty_2019,
  author    = {Navoneel Chakrabarty},
  title     = {A Data Mining Approach to Flight Arrival Delay Prediction for American
               Airlines},
  journal   = {CoRR},
  volume    = {abs/1903.06740},
  month = "April",
  year      = {2019},
  url       = {http://arxiv.org/abs/1903.06740},
  eprinttype = {arXiv},
  eprint    = {1903.06740},
  biburl    = {https://dblp.org/rec/journals/corr/abs-1903-06740.bib},
  bibsource = {dblp computer science bibliography, https://dblp.org}
}

@article{10_ding_2017,
	doi = {10.1088/1755-1315/81/1/012198},
	url = {https://doi.org/10.1088/1755-1315/81/1/012198},
	year = "2017",
	month = "August",
	publisher = {{IOP} Publishing},
	author = {Yi Ding},
	title = "{Predicting flight delay based on multiple linear regression}",
}

@article{11_yazdi_2020,
	title = "Flight delay prediction based on deep learning and Levenberg-Marquart algorithm",
	author = {Yazdi, Maryam Farshchian and Kamel, Seyed Reza and Chabok, Seyyed Javad Mahdavi and Kheirabadi, Maryam},
	volume = "7",
	number = "1",
	journal = "Journal of Big Data",
	year = "2020",
	pages = "106"
}
